<?xml version="1.0" encoding="UTF-8"?><record xmlns="http://www.loc.gov/MARC21/slim" xmlns:cinclude="http://apache.org/cocoon/include/1.0" xmlns:zs="http://www.loc.gov/zing/srw/">
  <leader>00523nz  a2200157n  4500</leader>
  <controlfield tag="001">no2009191733</controlfield>
  <controlfield tag="003">DLC</controlfield>
  <controlfield tag="005">20091202075642.0</controlfield>
  <controlfield tag="008">091130n| acannaabn          |b aaa     c</controlfield>
  <datafield tag="010" ind1=" " ind2=" ">
    <subfield code="a">no2009191733</subfield>
  </datafield>
  <datafield tag="035" ind1=" " ind2=" ">
    <subfield code="a">(OCoLC)oca08321346</subfield>
  </datafield>
  <datafield tag="040" ind1=" " ind2=" ">
    <subfield code="a">MH-L</subfield>
    <subfield code="b">eng</subfield>
    <subfield code="c">MH-L</subfield>
  </datafield>
  <datafield tag="100" ind1="1" ind2=" ">
    <subfield code="a">Jia, Dengxun,</subfield>
    <subfield code="d">1954-</subfield>
  </datafield>
  <datafield tag="400" ind1="1" ind2=" ">
    <subfield code="a">贾登勋,</subfield>
    <subfield code="d">1954-</subfield>
  </datafield>
  <datafield tag="667" ind1=" " ind2=" ">
    <subfield code="a">Non-Latin script reference not evaluated</subfield>
  </datafield>
  <datafield tag="670" ind1=" " ind2=" ">
    <subfield code="a">Yu shui quan li zhi du yan jiu, 2008:</subfield>
    <subfield code="b">t.p. (贾登勋 =  Jia Dengxun) cover flap (b. Dec. 1954, prof. at Lanzhou da xue fa xue yuan)</subfield>
  </datafield>
</record>